<record><leader>00000cas a22000007a 4500</leader><controlfield tag="001">10623597</controlfield><controlfield tag="008">840412d18781896wiuwr ne      0   b0dut d</controlfield><datafield ind1=" " ind2=" " tag="010"><subfield code="a">sn 84024376 </subfield></datafield><datafield ind1=" " ind2=" " tag="040"><subfield code="a">NPV</subfield><subfield code="b">eng</subfield><subfield code="c">NPV</subfield><subfield code="d">OCLCQ</subfield></datafield><datafield ind1=" " ind2=" " tag="042"><subfield code="a">msc</subfield></datafield><datafield ind1=" " ind2=" " tag="043"><subfield code="a">n-us-wi</subfield></datafield><datafield ind1="0" ind2="3" tag="245"><subfield code="a">De Depere standaard.</subfield></datafield><datafield ind1="3" ind2="0" tag="246"><subfield code="a">De Pere standaard</subfield></datafield><datafield ind1=" " ind2=" " tag="260"><subfield code="a">De Pere, Wis. :</subfield><subfield code="b">Van de Casteele &amp; J.B. Heyrman</subfield></datafield><datafield ind1=" " ind2=" " tag="300"><subfield code="a">v. :</subfield><subfield code="b">ill. (chiefly advertisements)</subfield></datafield><datafield ind1=" " ind2=" " tag="310"><subfield code="a">Weekly</subfield></datafield><datafield ind1="1" ind2=" " tag="362"><subfield code="a">Began in 1878.</subfield><subfield code="z">Cf. Oehlerts, d. E. Guide to Wis. newspapers.</subfield></datafield><datafield ind1="1" ind2=" " tag="362"><subfield code="a">Ceased in 1896.</subfield><subfield code="z">Cf. Gregory, W. Amer. newspapers.</subfield></datafield><datafield ind1=" " ind2=" " tag="521"><subfield code="a">"Voor de Hollandsche en Vlaamsche Katholieken in Amerika."</subfield></datafield><datafield ind1=" " ind2=" " tag="588"><subfield code="a">Description based on: 7. jaarg., nr. 7. (28. feb., 1884).</subfield></datafield><datafield ind1=" " ind2=" " tag="752"><subfield code="a">United States</subfield><subfield code="b">Wisconsin</subfield><subfield code="c">Brown</subfield><subfield code="d">De Pere.</subfield></datafield><datafield ind1="0" ind2="0" tag="785"><subfield code="t">Onze standaard</subfield></datafield></record>